<collection xmlns="http://www.loc.gov/MARC21/slim"><record><leader>00610nam  2200193   450</leader><controlfield tag="001">862</controlfield><controlfield tag="003">http://montalegre.opacnet.com/OPAC/default.aspx?ContentAreaControl=ShowRegHoldings.ascx&amp;RegNo=16662</controlfield><datafield tag="095" ind1=" " ind2=" "><subfield code="a">PTBN00150717</subfield></datafield><datafield tag="100" ind1=" " ind2=" "><subfield code="a">19730201d1972    m  y0pora010305  ba</subfield></datafield><datafield tag="101" ind1="1" ind2=" "><subfield code="a">por</subfield><subfield code="c">ger</subfield></datafield><datafield tag="102" ind1=" " ind2=" "><subfield code="a">PT</subfield></datafield><datafield tag="200" ind1="1" ind2=" "><subfield code="a">&lt;As &gt;viagens de Roberto</subfield><subfield code="f">Josephine Siebe</subfield><subfield code="g">trad. António Luís</subfield></datafield><datafield tag="210" ind1=" " ind2=" "><subfield code="a">Lisboa</subfield><subfield code="c">Meridiano</subfield><subfield code="d">1972</subfield></datafield><datafield tag="215" ind1=" " ind2=" "><subfield code="a">185, [4] p.</subfield><subfield code="c">il.</subfield><subfield code="d">19 cm</subfield></datafield><datafield tag="304" ind1=" " ind2=" "><subfield code="a">Tít. orig.: Kasperle auf Reisen</subfield></datafield><datafield tag="675" ind1=" " ind2=" "><subfield code="a">087.5</subfield></datafield><datafield tag="700" ind1=" " ind2="1"><subfield code="a">Siebe</subfield><subfield code="b">Josephine</subfield><subfield code="f">1870-1941</subfield></datafield><datafield tag="702" ind1=" " ind2="1"><subfield code="a">Luís</subfield><subfield code="b">António</subfield><subfield code="4">730</subfield></datafield><datafield tag="801" ind1=" " ind2="0"><subfield code="a">PT</subfield><subfield code="b">Biblioteca Municipal de Montalegre</subfield><subfield code="g">RPC</subfield></datafield><datafield tag="909" ind1="&#9;" ind2=" "><subfield code="a">1</subfield></datafield><datafield tag="966" ind1=" " ind2=" "><subfield code="a">0002672</subfield><subfield code="l">BMM</subfield><subfield code="s">SJ 087.5 SIE via</subfield></datafield></record></collection>